@book{стасышин2022проектирование,
  title={Проектирование информационных систем и баз данных},
  author={Стасышин, Владимир},
  year={2022},
  publisher={Litres}
}

@article{невский2022применение,
  title={ПРИМЕНЕНИЕ МЕТОДА АГРЕГИРОВАНИЯ, ГРУППИРОВКИ И ОБЪЕДИНЕНИЯ ДАННЫХ С ПОМОЩЬЮ ЯЗЫКА ЗАПРОСОВ SQL В ЦЕЛЯХ АНАЛИЗА ПОВЕДЕНИЯ ПОЛЬЗОВАТЕЛЕЙ},
  author={Невский, Алексей Александрович},
  journal={Universum: технические науки},
  number={11-1 (104)},
  pages={50--52},
  year={2022},
  publisher={Общество с ограниченной ответственностью {\guillemotleft}Международный центр науки и~…}
}

@article{гарскова2005базы,
  title={Базы данных: создание и использование},
  author={Гарскова, ИМ},
  journal={Учебно-методическая разработка к практикуму по курсу" Информатика и математика},
  number={1},
  year={2005}
}

@inproceedings{картавец2019актуальность,
  title={Актуальность использования NOSQL баз данных},
  author={Картавец, Илья Игоревич},
  booktitle={Colloquium-journal},
  number={13-2},
  pages={62--64},
  year={2019},
  organization={Голопристанський міськрайонний центр зайнятості= Голопристанский районный~…}
}

@article{murodilov2023web,
  title={WEB CARTOGRAPHY AT THE CURRENT STAGE OF DEVELOPMENT OF GEOINFORMATION RESOURCES},
  author={Murodilov, Kh T and Alisherov, Sh M},
  journal={Galaxy International Interdisciplinary Research Journal},
  volume={11},
  number={4},
  pages={166--171},
  year={2023}
}

@inproceedings{song2023testing,
  title={Testing database systems via differential query execution},
  author={Song, Jiansen and Dou, Wensheng and Cui, Ziyu and Dai, Qianwang and Wang, Wei and Wei, Jun and Zhong, Hua and Huang, Tao},
  booktitle={Proceedings of IEEE/ACM International Conference on Software Engineering (ICSE)},
  year={2023}
}

@book{date2011sql,
  title={SQL and relational theory: how to write accurate SQL code},
  author={Date, Chris J},
  year={2011},
  publisher={" O'Reilly Media, Inc."}
}

@article{hohenstein1992sql,
  title={SQL/EER—Syntax and semantics of an entity-relationship-based query language},
  author={Hohenstein, Uwe and Engels, Gregor},
  journal={Information Systems},
  volume={17},
  number={3},
  pages={209--242},
  year={1992},
  publisher={Elsevier}
}


@article{fu2023catsql,
  title={CatSQL: Towards Real World Natural Language to SQL Applications},
  author={Fu, Han and Liu, Chang and Wu, Bin and Li, Feifei and Tan, Jian and Sun, Jianling},
  journal={Proceedings of the VLDB Endowment},
  volume={16},
  number={6},
  pages={1534--1547},
  year={2023},
  publisher={VLDB Endowment}
}


@article{naik2023sql,
  title={An SQL query generator for cross-domain human language based questions based on NLP model},
  author={Naik, B Balaji and Reddy, T Jaya Venkata Rama and karthik, K Rohith Venkata and Kuila, Pratyay},
  journal={Multimedia Tools and Applications},
  pages={1--24},
  year={2023},
  publisher={Springer}
}


@article{sun2023sql,
  title={SQL-PaLM: Improved Large Language ModelAdaptation for Text-to-SQL},
  author={Sun, Ruoxi and Arik, Sercan O and Nakhost, Hootan and Dai, Hanjun and Sinha, Rajarishi and Yin, Pengcheng and Pfister, Tomas},
  journal={arXiv preprint arXiv:2306.00739},
  year={2023}
}

@article{чаглей2023сравнение,
  title={Сравнение блокчейн и базы данных},
  author={ЧАГЛЕЙ, Григорий},
  year={2023},
  publisher={Universitatea Tehnic{\u{a}} a Moldovei}
}

@article{li2021teaching,
  title={Teaching data joins: A conceptual approach using SQL, Alteryx, and Tableau},
  author={Li, Jie and Lee, Lorraine},
  journal={AIS Educator Journal},
  volume={16},
  number={1},
  pages={60--104},
  year={2021},
  publisher={AIS Educator Association}
}

@inproceedings{mancini2022efficient,
  title={Efficient massively parallel join optimization for large queries},
  author={Mancini, Riccardo and Karthik, Srinivas and Chandra, Bikash and Mageirakos, Vasilis and Ailamaki, Anastasia},
  booktitle={Proceedings of the 2022 International Conference on Management of Data},
  pages={122--135},
  year={2022}
}

@article{makris2021mongodb,
  title={MongoDB Vs PostgreSQL: A comparative study on performance aspects},
  author={Makris, Antonios and Tserpes, Konstantinos and Spiliopoulos, Giannis and Zissis, Dimitrios and Anagnostopoulos, Dimosthenis},
  journal={GeoInformatica},
  volume={25},
  pages={243--268},
  year={2021},
  publisher={Springer}
}

@book{drake2002practical,
  title={Practical PostgreSQL},
  author={Drake, Joshua D and Worsley, John C},
  year={2002},
  publisher={" O'Reilly Media, Inc."}
}

@book{obe2021postgis,
  title={PostGIS in action},
  author={Obe, Regina and Hsu, Leo S},
  year={2021},
  publisher={Simon and Schuster}
}

@book{boszormenyi2013postgresql,
  title={PostgreSQL Replication},
  author={B{\"o}sz{\"o}rm{\'e}nyi, Zolt{\'a}n and Sch{\"o}nig, Hans-J{\"u}rgen},
  year={2013},
  publisher={Packt Publishing}
}

@inproceedings{lyu2021greenplum,
  title={Greenplum: a hybrid database for transactional and analytical workloads},
  author={Lyu, Zhenghua and Zhang, Huan Hubert and Xiong, Gang and Guo, Gang and Wang, Haozhou and Chen, Jinbao and Praveen, Asim and Yang, Yu and Gao, Xiaoming and Wang, Alexandra and others},
  booktitle={Proceedings of the 2021 International Conference on Management of Data},
  pages={2530--2542},
  year={2021}
}

@inproceedings{truica2015performance,
  title={Performance evaluation for CRUD operations in asynchronously replicated document oriented database},
  author={Truica, Ciprian-Octavian and Radulescu, Florin and Boicea, Alexandru and Bucur, Ion},
  booktitle={2015 20th International Conference on Control Systems and Computer Science},
  pages={191--196},
  year={2015},
  organization={IEEE}
}

@inproceedings{muralikrishna1992improved,
  title={Improved unnesting algorithms for join aggregate SQL queries},
  author={Muralikrishna, M and others},
  booktitle={VLDB},
  volume={92},
  pages={91--102},
  year={1992}
}

@article{dyer2015adapting,
  title={Adapting the Access Northwind database to support a database course},
  author={Dyer, John N and Rogers, Camille},
  journal={Journal of Information Systems Education},
  volume={26},
  number={2},
  pages={85--102},
  year={2015}
}

@article{штомпель2019вакансия,
  title={Вакансия: DBA PostgreSQL},
  author={Штомпель, Игорь},
  journal={Системный администратор},
  number={9},
  pages={68--75},
  year={2019},
  publisher={Общество с ограниченной ответственностью" Издательский дом" Положевец и~…}
}

@book{kumar2021postgresql,
  title={PostgreSQL 13 Cookbook: Over 120 recipes to build high-performance and fault-tolerant PostgreSQL database solutions},
  author={Kumar, Vallarapu Naga Avinash},
  year={2021},
  publisher={Packt Publishing Ltd}
}

@book{карпова2021базы,
  title={Базы данных. Учебное пособие},
  author={Карпова, Ирина Петровна},
  year={2021},
  publisher={" Издательский дом"" Питер"""}
}

@inproceedings{тестова2023организация,
  title={ОРГАНИЗАЦИЯ ВЫЧИСЛИТЕЛЬНОГО КЛАСТЕРА НА БАЗЕ ПЕРСОНАЛЬНЫХ КОМПЬЮТЕРОВ},
  author={Тестова, ИВ and Гурьев, КБ and Кузнецов, АД},
  booktitle={ДИСТАНЦИОННЫЕ ОБРАЗОВАТЕЛЬНЫЕ ТЕХНОЛОГИИ},
  pages={263--268},
  year={2023}
}

@inproceedings{микаелян2021анализ,
  title={АНАЛИЗ РАЗЛИЧИЙ ИМПЕРАТИВНОГО И ДЕКЛАРАТИВНОГО СТИЛЕЙ ПРИ СОЗДАНИИ ЗАПРОСА К БАЗЕ ДАННЫХ},
  author={Микаелян, АР and Гаев, ЛВ},
  booktitle={Инновационные технологии, экономика и менеджмент в промышленности},
  pages={220--221},
  year={2021}
}

@article{фомин2021проблематика,
  title={Проблематика обработки транзакций при использовании микросервисной архитектуры},
  author={Фомин, Дмитрий Сергеевич and Бальзамов, Александр Витальевич},
  journal={Известия высших учебных заведений. Поволжский регион. Технические науки},
  number={2 (58)},
  pages={15--23},
  year={2021},
  publisher={Федеральное государственное бюджетное образовательное учреждение высшего~…}
}

@article{katsogiannis2023survey,
  title={A survey on deep learning approaches for text-to-SQL},
  author={Katsogiannis-Meimarakis, George and Koutrika, Georgia},
  journal={The VLDB Journal},
  pages={1--32},
  year={2023},
  publisher={Springer}
}

@article{ikromovna2023sql,
  title={SQL (STRUCTURED QUERY LANGUAGE) STATISTICAL PACKAGES OF CAPABILITIES},
  author={Ikromovna, Akhmedova Zulhumor},
  journal={Best Journal of Innovation in Science, Research and Development},
  volume={2},
  number={12},
  pages={781--787},
  year={2023}
}

@article{torres2017twenty,
  title={Twenty years of object-relational mapping: A survey on patterns, solutions, and their implications on application design},
  author={Torres, Alexandre and Galante, Renata and Pimenta, Marcelo S and Martins, Alexandre Jonatan B},
  journal={information and software technology},
  volume={82},
  pages={1--18},
  year={2017},
  publisher={Elsevier}
}

@article{widla2024no,
  title={No More Convergence? Copyright Protection of Application Programming Interfaces in the USA and the EU},
  author={Wid{\l}a, Bohdan},
  journal={Copyright Protection of Application Programming Interfaces in the USA and the EU (June 15, 2023). P{\'e}ter Mezei-Hannibal Travis-Anett Pog{\'a}cs{\'a}s: Harmonizing Intellectual Property Law for a Trans-Atlantic Knowledge Economy, Brill},
  year={2024}
}

@article{abulila2023asynchronous,
  title={Asynchronous Persistence with ASAP},
  author={Abulila, Ahmed and Hajj, Izzat El and Jung, Myoungsoo and Kim, Nam Sung},
  journal={arXiv preprint arXiv:2302.13394},
  year={2023}
}

@article{krishan2023review,
  title={A REVIEW AND COMPARISON OF KEY DISTRIBUTED DATABASE CHARACTERISTICS ACROSS SEVERAL NOSQL DISTRIBUTED DATABASES},
  author={Krishan, Kewal and Gupta, Gaurav and Bhathal, Gurjit Singh},
  journal={Journal of Data Acquisition and Processing},
  volume={38},
  number={1},
  pages={321},
  year={2023}
}

@incollection{quattrochi2023image,
  title={Image characterization and modeling system (ICAMS): a geographic information system for the characterization and modeling of multiscale remote sensing data},
  author={Quattrochi, Dale A and Lam, Nina Siu-Ngan and Qiu, Hong-Lie and Zhao, Wei},
  booktitle={Scale in Remote Sensing and GIS},
  pages={295--307},
  year={2023},
  publisher={Routledge}
}

@inproceedings{cassidy2002advanced,
  title={Advanced pattern recognition for detection of complex software aging phenomena in online transaction processing servers},
  author={Cassidy, Karen J and Gross, Kenny C and Malekpour, Amir},
  booktitle={Proceedings international conference on dependable systems and networks},
  pages={478--482},
  year={2002},
  organization={IEEE}
}

@article{liao2023project,
  title={The Project-Based Learning Study of Insurance Information Courses to Simulate the Application of Online Analytical Processing},
  author={Liao, Yung-Cheng and Chen, Mei-Su},
  journal={Applied System Innovation},
  volume={6},
  number={2},
  pages={47},
  year={2023},
  publisher={MDPI}
}



