@misc{chapligyn,
  title="В. Ф. Чаплыгин — История и методология математики",
  howpublished="2007"
}

@misc{mathhistory,
  title="Стройк Д. Я. — Краткий очaерк истории математики",
  howpublished="1990"
}

@misc{vyatka,
  title="Жуланов Александр Леонтьевич Объект и предмет математики // Вестник ВятГУ. 2012. №4. URL: https://cyberleninka.ru/article/n/obekt-i-predmet-matematiki (дата обращения: 18.11.2024)."
}

@misc{gegel,
  title="Гегель — Лекции по истории философии. Кн. 1. Соч. Т. IX. M., 1932"
}

@misc{rassel,
  title="Рассел Б. — Новейшие работы о началах математики // Новые идеи в математике: сб. 1. СПб., 1917"
}

@misc{object3,
  title="Гильберт Д. Основания геометрии. М.; Л., 1948"
}

@misc{object4,
  title="Метлов В. И. Диалектика оснований и развития научного знания // Вопросы философии. 1976. Nº 1"
}

@misc{object5,
  title="Александров А. Д. Общий взгляд на математику // Математика, ее содержание, методы и значение. Т. 1. М., 1956"
}

@misc{object6,
  title="Маркс К., Энгельс Ф. Соч. Изд. 2-е. Т. 20"
}

@misc{object7,
  title="Жуков Н. И. Философские основания матема-тики: учеб. пособие. 2-е изд. Минск, 1990"
}

@misc{object8,
  title="Александров А. Д. Математика // Философская энциклопедия. Т. 3. М., 1964"
}

@misc{object9,
  title="Жуков Н. И. Указ. соч."
}

@misc{object10,
  title="Карно Л. Размышления о метафизике исчисления бесконечно малых. М.; Д., 1933"
}

@misc{object11,
  title="Успехи физических наук. 1968"
}

@misc{object12,
  title="Гильберт Д. Указ. соч."
}

@misc{object13,
  title="Дягилев Ф. М. Концепции современного естествознания. М., 1998"
}

@book{вечтомов2013философия,
  title={Философия математики: монография},
  author={Вечтомов, Евгений Михайлович},
  year={2013},
  publisher={Scientific magazine" Kontsep}
}

@book{перминов2001философия,
  title={Философия и основания математики},
  author={Перминов, Василий Яковлевич},
  year={2001},
  publisher={Прогресс-Традиция}
}

@article{александров1956общий,
  title={Общий взгляд на математику},
  author={Александров, АД},
  journal={Математика, ее содержание, методы и значение},
  volume={1},
  pages={5--78},
  year={1956}
}

@misc{ph281,
  title="Коэн П. Дж. Теория множеств и континуум-гипотеза. – М.: Мир, 1969."
}

@misc{ph280,
  title="Кофман А. Введение в теорию нечетких множеств. – М.: Радио и связь, 1982"
}

@article{макаридина2022изучение,
  title={Изучение понятия изоморфизма в университетском курсе алгебры как способ формирования математической грамотности будущих учителей математики},
  author={Макаридина, Вера Андреевна},
  journal={Педагогика. Вопросы теории и практики},
  volume={7},
  number={4},
  pages={408--414},
  year={2022},
  publisher={Общество с ограниченной ответственностью Издательство {\guillemotleft}Грамота{\guillemotright}}
}

@article{коллатц1969функциональный,
  title={Функциональный анализ и вычислительная математика},
  author={Коллатц, Л},
  year={1969},
  publisher={Издательство Мир}
}

@article{матиясевич1975метаматематическом,
  title={О метаматематическом подходе к доказательству теорем дискретной математики},
  author={Матиясевич, Юрий Владимирович},
  journal={Записки научных семинаров ПОМИ},
  volume={49},
  number={0},
  pages={31--50},
  year={1975},
  publisher={Санкт-Петербургское отделение Математического института им. ВА Стеклова РАН}
}

@article{ахмедов2021определение,
  title={Определение предмета и место математики в системе наук},
  author={Ахмедов, Олимжон Самадович},
  journal={Scientific progress},
  volume={2},
  number={4},
  pages={531--537},
  year={2021},
  publisher={Общество с ограниченной ответственностью {\guillemotleft}Scientific Progress Markazi{\guillemotright}}
}

@article{дьяченко1972основные,
  title={Основные понятия вычислительной математики},
  author={Дьяченко, ВФ},
  year={1972}
}
