@misc{bib1,
  title="Положение об Олимпиаде школьников «Шаг в будущее» [Электронный ресурс]",
  howpublished="Режим доступа: \url{https://olymp.bmstu.ru/ru/regulations} (дата обращения: 15.03.2023)"
}

@misc{bib2,
  title="Регламент проведения Олимпиады школьников «Шаг в будущее» [Электронный ресурс]",
  howpublished="Режим доступа: \url{https://olymp.bmstu.ru/ru/regulations} (дата обращения: 15.03.2023)"
}

@misc{bib3,
  title="Состав оргкомитета Олимпиады школьников «Шаг в будущее» [Электронный ресурс]",
  howpublished="Режим доступа: \url{https://olymp.bmstu.ru/ru/regulations} (дата обращения: 15.03.2023)"
}

@misc{bib4,
  title="Приказ об утверждении организационных материалов Олимпиады школь- ников «Шаг в будущее» на 2022-2023 учебный год [Электронный ресурс]",
  howpublished="Режим доступа: \url{https://olymp.bmstu.ru/ru/regulations} (дата обращения: 15.03.2023)"
}

@misc{bib5,
  title="Состав жюри Олимпиады школьников «Шаг в будущее» [Электронный ресурс]",
  howpublished="Режим доступа: \url{https://olymp.bmstu.ru/ru/regulations} (дата обращения: 15.03.2023)"
}















