@misc{syscall_table,
  title="System Calls~---~The Linux Kernel Module Programming Guide [Электронный ресурс]",
  howpublished="Режим доступа: \url{https://tldp.org/LDP/lkmpg/2.4/html/x939.html} (дата обращения: 20.12.2023)"
}

@misc{kprobes,
  title="Kernel probes (Kprobes) [Электронный ресурс]",
  howpublished="Режим доступа: \url{https://docs.kernel.org/trace/kprobes.html} (дата обращения: 22.12.2023)"
}

@misc{ftrace,
  title="ftrace~---~Function Tracer [Электронный ресурс]",
  howpublished="Режим доступа: \url{https://www.kernel.org/doc/html/v5.0/trace/ftrace.html} (дата обращения: 22.12.2023)"
}

@misc{ftrace_design,
  title="Function Tracer Design [Электронный ресурс]",
  howpublished="Режим доступа: \url{https://www.kernel.org/doc/html/v5.0/trace/ftrace-design.html} (дата обращения: 22.12.2023)"
}

@misc{procfs,
  title="The /proc Filesystem [Электронный ресурс]",
  howpublished="Режим доступа: \url{https://docs.kernel.org/filesystems/proc.html} (дата обращения: 24.12.2023)"
}