@misc{kubernetes,
  title="Главная страница официальной документации Kubernetes [Электронный ресурс]",
  howpublished="URL: \url{https://kubernetes.io/docs/home} (дата обращения: 01.05.2024)"
}

@article{vayghan2021kubernetes,
  title={A Kubernetes controller for managing the availability of elastic microservice based stateful applications},
  author={Vayghan, Leila Abdollahi and Saied, Mohamed Aymen and Toeroe, Maria and Khendek, Ferhat},
  journal={Journal of Systems and Software},
  volume={175},
  pages={110924},
  year={2021},
  publisher={Elsevier}
}

@article{makroo2016systematic,
  title={A systematic approach to deal with noisy neighbour in cloud infrastructure},
  author={Makroo, Ansuyia and Dahiya, Deepak},
  journal={Indian Journal of Science and Technology},
  year={2016}
}

@misc{avito_database_meetup,
  title="Запись официальной конференции компании Авито <<Avito Database Meetup \#1>> [Электронный ресурс]",
  howpublished="URL: \url{https://www.youtube.com/watch?v=BDUgi_ov5pM} (дата обращения: 01.05.2024)"
}

@book{ibryam2022kubernetes,
  title={Kubernetes Patterns},
  author={Ibryam, Bilgin and Hu{\ss}, Roland},
  year={2022},
  publisher={" O'Reilly Media, Inc."}
}

@misc{k8s_iops_limit_github,
  title="Обсуждение внедрения ограничений дискового ввода-вывода в Kubernetes [Электронный ресурс]",
  howpublished="URL: \url{https://github.com/kubernetes/kubernetes/issues/92287} (дата обращения: 01.05.2024)"
}

@misc{volumeattributeclass,
  title="Официальная документация по VolumeAttributeClass в Kubernetes [Электронный ресурс]",
  howpublished="URL: \url{https://kubernetes.io/docs/concepts/storage/volume-attributes-classes} (дата обращения: 01.05.2024)"
}


@misc{csi,
  title="Анонс в официальном блоге Kubernetes про CSI [Электронный ресурс]",
  howpublished="URL: \url{https://kubernetes.io/blog/2019/01/15/container-storage-interface-ga} (дата обращения: 01.05.2024)"
}

@misc{cgroupv2,
  title="Официальная документация по cgroup v2 [Электронный ресурс]",
  howpublished="URL: \url{https://docs.kernel.org/admin-guide/cgroup-v2.html} (дата обращения: 01.05.2024)"
}

@inproceedings{tabatabai2023fbmm,
  title={FBMM: Using the VFS for Extensibility in Kernel Memory Management},
  author={Tabatabai, Bijan and Mansi, Mark and Swift, Michael M},
  booktitle={Proceedings of the 19th Workshop on Hot Topics in Operating Systems},
  pages={181--187},
  year={2023}
}

@misc{resource_management,
  title="Официальная документация по по управлению ресурсами в Kubernetes [Электронный ресурс]",
  howpublished="URL: \url{https://kubernetes.io/docs/concepts/configuration/manage-resources-containers} (дата обращения: 01.05.2024)"
}

@misc{annotations,
  title="Официальная документация по аннотациям в Kubernetes [Электронный ресурс]",
  howpublished="URL: \url{https://kubernetes.io/docs/concepts/overview/working-with-objects/annotations} (дата обращения: 01.05.2024)"
}

@misc{crd,
  title="Официальная документация по Custom Resources в Kubernetes [Электронный ресурс]",
  howpublished="URL: \url{https://kubernetes.io/docs/concepts/extend-kubernetes/api-extension/custom-resources} (дата обращения: 01.05.2024)"
}


@misc{pods,
  title="Официальная документация по Pod в Kubernetes [Электронный ресурс]",
  howpublished="URL: \url{https://kubernetes.io/docs/concepts/workloads/pods} (дата обращения: 01.05.2024)"
}

@misc{rs,
  title="Официальная документация по ReplicaSet в Kubernetes [Электронный ресурс]",
  howpublished="URL: \url{https://kubernetes.io/docs/concepts/workloads/controllers/replicaset} (дата обращения: 01.05.2024)"
}

@misc{deploy,
  title="Официальная документация по Deployment в Kubernetes [Электронный ресурс]",
  howpublished="URL: \url{https://kubernetes.io/docs/concepts/workloads/controllers/deployment} (дата обращения: 01.05.2024)"
}

@misc{sts,
  title="Официальная документация по StatefulSet в Kubernetes [Электронный ресурс]",
  howpublished="URL: \url{https://kubernetes.io/docs/concepts/workloads/controllers/statefulset} (дата обращения: 01.05.2024)"
}

@misc{pv,
  title="Официальная документация по PersistentVolume в Kubernetes [Электронный ресурс]",
  howpublished="URL: \url{https://kubernetes.io/docs/concepts/storage/persistent-volumes} (дата обращения: 01.05.2024)"
}

@article{alelyani2024optimizing,
  title={Optimizing Cloud Performance: A Microservice Scheduling Strategy for Enhanced Fault-Tolerance, Reduced Network Traffic, and Lower Latency},
  author={Alelyani, Abdullah and Datta, Amitava and Hassan, Ghulam Mubashar},
  journal={IEEE Access},
  year={2024},
  publisher={IEEE}
}

@book{donovan2015go,
  title={The Go programming language},
  author={Donovan, Alan AA and Kernighan, Brian W},
  year={2015},
  publisher={Addison-Wesley Professional}
}

@misc{operator,
  title="Официальная документация по паттерну Operator [Электронный ресурс]",
  howpublished="URL: \url{https://kubernetes.io/docs/concepts/extend-kubernetes/operator} (дата обращения: 01.05.2024)"
}


@misc{operator_sdk,
  title="Официальный сайт Operator SDK [Электронный ресурс]",
  howpublished="URL: \url{https://sdk.operatorframework.io/} (дата обращения: 01.05.2024)"
}

@misc{proc,
  title="Официальная документация по файловой системе proc [Электронный ресурс]",
  howpublished="URL: \url{https://docs.kernel.org/filesystems/proc.html} (дата обращения: 01.05.2024)"
}


@misc{cri,
  title="Официальная документация по Container Runtime Interface [Электронный ресурс]",
  howpublished="URL: \url{https://kubernetes.io/docs/concepts/architecture/cri} (дата обращения: 01.05.2024)"
}

@misc{mutesting,
  title="Официальная документация по утилите мутационного тестирования go-mutesting [Электронный ресурс]",
  howpublished="URL: \url{https://github.com/avito-tech/go-mutesting?tab=readme-ov-file#how-do-i-use-go-mutesting} (дата обращения: 01.05.2024)"
}

@misc{cgroups,
  title="Официальная документация по cgroups [Электронный ресурс]",
  howpublished="URL: \url{https://manpages.debian.org/unstable/manpages-ru/cgroups.7.ru.html} (дата обращения: 01.05.2024)"
}

@book{luksa2017kubernetes,
  title={Kubernetes in action},
  author={Luksa, Marko},
  year={2017},
  publisher={Simon and Schuster}
}

@article{кузьминский2012контрольные,
  title={Контрольные группы в Linux},
  author={Кузьминский, Михаил},
  journal={Открытые системы. СУБД},
  number={8},
  pages={14--15},
  year={2012},
  publisher={Общество с ограниченной ответственностью" Издательство" Открытые системы"}
}

@article{chen1994raid,
  title={RAID: High-performance, reliable secondary storage},
  author={Chen, Peter M and Lee, Edward K and Gibson, Garth A and Katz, Randy H and Patterson, David A},
  journal={ACM Computing Surveys (CSUR)},
  volume={26},
  number={2},
  pages={145--185},
  year={1994},
  publisher={ACM New York, NY, USA}
}

@misc{kubernetesresources,
  title="Официальная документация по объектам в Kubernetes [Электронный ресурс]",
  howpublished="URL: \url{https://kubernetes.io/docs/concepts/overview/working-with-objects} (дата обращения: 01.05.2024)"
}

@article{сизов2024организация,
  title={ОРГАНИЗАЦИЯ СЕРВИСНО-ОРИЕНТИРОВАННОЙ АРХИТЕКТУРЫ НА ОСНОВЕ ВИРТУАЛЬНЫХ ТЕХНОЛОГИЙ},
  author={Сизов, АА},
  journal={ВЗАИМОДЕЙСТВИЕ НАУКИ И ОБЩЕСТВА--ПУТЬ К МОДЕРНИЗАЦИИ},
  pages={77},
  year={2024}
}

@misc{phdays,
  title="Доклад <<Как достать шумного соседа: ограничение дискового ввода-вывода в Kubernetes>> на конференции Positive Hack Days 2 [Электронный ресурс]",
  howpublished="URL: \url{https://www.youtube.com/watch?v=GJqzKRZg3a8} (дата обращения: 29.05.2024)"
}

@misc{mac,
  title="Спецификация ноутбука Apple Macbook Pro 14 (2021) [Электронный ресурс]",
  howpublished="URL: \url{https://support.apple.com/en-us/111902} (дата обращения: 29.05.2024)"
}





