@article{carrion2022kubernetes,
  title={Kubernetes scheduling: Taxonomy, ongoing issues and challenges},
  author={Carri{\'o}n, Carmen},
  journal={ACM Computing Surveys},
  volume={55},
  number={7},
  pages={1--37},
  year={2022},
  publisher={ACM New York, NY}
}

@book{кочер2022микросервисы,
  title={Микросервисы и контейнеры Docker},
  author={Кочер, Парминдер Сингх},
  year={2022},
  publisher={Litres}
}

@article{bittencourt2018scheduling,
  title={Scheduling in distributed systems: A cloud computing perspective},
  author={Bittencourt, Luiz F and Goldman, Alfredo and Madeira, Edmundo RM and da Fonseca, Nelson LS and Sakellariou, Rizos},
  journal={Computer science review},
  volume={30},
  pages={31--54},
  year={2018},
  publisher={Elsevier}
}

@article{carrion2022kubernetes,
  title={Kubernetes scheduling: Taxonomy, ongoing issues and challenges},
  author={Carri{\'o}n, Carmen},
  journal={ACM Computing Surveys},
  volume={55},
  number={7},
  pages={1--37},
  year={2022},
  publisher={ACM New York, NY}
}

@article{senjab2023survey,
  title={A survey of Kubernetes scheduling algorithms},
  author={Senjab, Khaldoun and Abbas, Sohail and Ahmed, Naveed and Khan, Atta ur Rehman},
  journal={Journal of Cloud Computing},
  volume={12},
  number={1},
  pages={87},
  year={2023},
  publisher={Springer}
}

@article{psychas2018randomized,
  title={Randomized algorithms for scheduling multi-resource jobs in the cloud},
  author={Psychas, Konstantinos and Ghaderi, Javad},
  journal={IEEE/ACM Transactions on Networking},
  volume={26},
  number={5},
  pages={2202--2215},
  year={2018},
  publisher={IEEE}
}

@article{singh2010optimized,
  title={An optimized round robin scheduling algorithm for CPU scheduling},
  author={Singh, Ajit and Goyal, Priyanka and Batra, Sahil},
  journal={International Journal on Computer Science and Engineering},
  volume={2},
  number={07},
  pages={2383--2385},
  year={2010},
  publisher={Citeseer}
}

@inproceedings{ghit2014balanced,
  title={Balanced resource allocations across multiple dynamic MapReduce clusters},
  author={Ghit, Bogdan and Yigitbasi, Nezih and Iosup, Alexandru and Epema, Dick},
  booktitle={The 2014 ACM international conference on Measurement and modeling of computer systems},
  pages={329--341},
  year={2014}
}

@misc{kubernetesbalsched,
  title="Исходный код планировщика Kubernetes: сбалансированное распределение [Электронный ресурс]",
  howpublished="URL: \url{https://github.com/kubernetes/kubernetes/blob/master/pkg/scheduler/framework/plugins/noderesources/balanced_allocation.go} (дата обращения: 11.12.2024)"
}

@misc{neural,
  title="Cloud.ru: Нейронные сети [Электронный ресурс]",
  howpublished="URL: \url{https://cloud.ru/blog/neural-networks} (дата обращения: 11.12.2024)"
}



@misc{descheduler,
  title="Github: descheduler [Электронный ресурс]",
  howpublished="URL: \url{https://github.com/kubernetes-sigs/descheduler} (дата обращения: 11.12.2024)"
}

@misc{scheduler_profiles,
  title="Официальная документация по профилям планировщика Kubernetes [Электронный ресурс]",
  howpublished="URL: \url{https://kubernetes.io/docs/reference/scheduling/config/\#profiles} (дата обращения: 11.12.2024)"
}



@inproceedings{wang2014dominant,
  title={Dominant resource fairness in cloud computing systems with heterogeneous servers},
  author={Wang, Wei and Li, Baochun and Liang, Ben},
  booktitle={IEEE INFOCOM 2014-IEEE Conference on Computer Communications},
  pages={583--591},
  year={2014},
  organization={IEEE}
}

@article{курейчик1998генетические,
  title={Генетические алгоритмы},
  author={Курейчик, Виктор Михайлович},
  journal={Известия Южного федерального университета. Технические науки},
  volume={8},
  number={2},
  pages={4--7},
  year={1998},
  publisher={Федеральное государственное автономное образовательное учреждение высшего~…}
}

@article{el2021kubcg,
  title={KubCG: A dynamic Kubernetes scheduler for heterogeneous clusters},
  author={El Haj Ahmed, Ghofrane and Gil-Casti{\~n}eira, Felipe and Costa-Montenegro, Enrique},
  journal={Software: Practice and Experience},
  volume={51},
  number={2},
  pages={213--234},
  year={2021},
  publisher={Wiley Online Library}
}

@article{rejiba2022custom,
  title={Custom scheduling in Kubernetes: A survey on common problems and solution approaches},
  author={Rejiba, Zeineb and Chamanara, Javad},
  journal={ACM Computing Surveys},
  volume={55},
  number={7},
  pages={1--37},
  year={2022},
  publisher={ACM New York, NY}
}

@article{mor2021heuristic,
  title={Heuristic algorithms for solving a set of NP-hard single-machine scheduling problems with resource-dependent processing times},
  author={Mor, Baruch and Shabtay, Dvir and Yedidsion, Liron},
  journal={Computers \& Industrial Engineering},
  volume={153},
  pages={107024},
  year={2021},
  publisher={Elsevier}
}

@article{guo2020cloud,
  title={Cloud resource scheduling with deep reinforcement learning and imitation learning},
  author={Guo, Wenxia and Tian, Wenhong and Ye, Yufei and Xu, Lingxiao and Wu, Kui},
  journal={IEEE Internet of Things Journal},
  volume={8},
  number={5},
  pages={3576--3586},
  year={2020},
  publisher={IEEE}
}

@article{jian2024drs,
  title={DRS: A deep reinforcement learning enhanced Kubernetes scheduler for microservice-based system},
  author={Jian, Zhaolong and Xie, Xueshuo and Fang, Yaozheng and Jiang, Yibing and Lu, Ye and Dash, Ankan and Li, Tao and Wang, Guiling},
  journal={Software: Practice and Experience},
  volume={54},
  number={10},
  pages={2102--2126},
  year={2024},
  publisher={Wiley Online Library}
}

@inproceedings{larsson2023impact,
  title={The Impact of Directed Pod Eviction on Kubernetes Resource Utilization},
  author={Larsson, Oliver and Klein, Cristian and Elmroth, Erik},
  booktitle={2023 IEEE International Conference on Service-Oriented System Engineering (SOSE)},
  pages={81--90},
  year={2023},
  organization={IEEE}
}

@phdthesis{marrouche2024unlocking,
  title={Unlocking the Potential of Metaheuristics for NP-Hard Problems},
  author={Marrouche, Wissam},
  year={2024},
  school={University of Portsmouth}
}

@article{mishra2024metaheuristic,
  title={Metaheuristic algorithms in smart farming: An analytical survey},
  author={Mishra, Aishwarya and Goel, Lavika},
  journal={IETE Technical Review},
  volume={41},
  number={1},
  pages={46--65},
  year={2024},
  publisher={Taylor \& Francis}
}

@article{ghazy2023ameliorated,
  title={An ameliorated Round Robin algorithm in the cloud computing for task scheduling},
  author={Ghazy, Nermeen and Abdelkader, Afaf and Zaki, Mervat S and Eldahshan, Kamal A},
  journal={Bulletin of Electrical Engineering and Informatics},
  volume={12},
  number={2},
  pages={1103--1114},
  year={2023}
}

@article{keshri2023communication,
  title={Communication-aware, energy-efficient VM placement in cloud data center using ant colony optimization},
  author={Keshri, Rashmi and Vidyarthi, Deo Prakash},
  journal={International Journal of Information Technology},
  volume={15},
  number={8},
  pages={4529--4535},
  year={2023},
  publisher={Springer}
}

@article{raeisi2024advanced,
  title={Advanced cost-aware Max--Min workflow tasks allocation and scheduling in cloud computing systems},
  author={Raeisi-Varzaneh, Mostafa and Dakkak, Omar and Fazea, Yousef and Kaosar, Mohammed Golam},
  journal={Cluster computing},
  pages={1--13},
  year={2024},
  publisher={Springer}
}

@misc{kubernetes,
  title="Главная страница официальной документации Kubernetes [Электронный ресурс]",
  howpublished="URL: \url{https://kubernetes.io/docs/home} (дата обращения: 04.12.2024)"
}

@misc{kubernetes,
  title="Главная страница официальной документации Kubernetes [Электронный ресурс]",
  howpublished="URL: \url{https://kubernetes.io/docs/home} (дата обращения: 04.12.2024)"
}

@article{vayghan2021kubernetes,
  title={A Kubernetes controller for managing the availability of elastic microservice based stateful applications},
  author={Vayghan, Leila Abdollahi and Saied, Mohamed Aymen and Toeroe, Maria and Khendek, Ferhat},
  journal={Journal of Systems and Software},
  volume={175},
  pages={110924},
  year={2021},
  publisher={Elsevier}
}

@article{makroo2016systematic,
  title={A systematic approach to deal with noisy neighbour in cloud infrastructure},
  author={Makroo, Ansuyia and Dahiya, Deepak},
  journal={Indian Journal of Science and Technology},
  year={2016}
}

@misc{avito_database_meetup,
  title="Запись официальной конференции компании Авито <<Avito Database Meetup \#1>> [Электронный ресурс]",
  howpublished="URL: \url{https://www.youtube.com/watch?v=BDUgi_ov5pM} (дата обращения: 04.12.2024)"
}

@book{ibryam2022kubernetes,
  title={Kubernetes Patterns},
  author={Ibryam, Bilgin and Hu{\ss}, Roland},
  year={2022},
  publisher={" O'Reilly Media, Inc."}
}

@misc{k8s_iops_limit_github,
  title="Обсуждение внедрения ограничений дискового ввода-вывода в Kubernetes [Электронный ресурс]",
  howpublished="URL: \url{https://github.com/kubernetes/kubernetes/issues/92287} (дата обращения: 04.12.2024)"
}

@misc{volumeattributeclass,
  title="Официальная документация по VolumeAttributeClass в Kubernetes [Электронный ресурс]",
  howpublished="URL: \url{https://kubernetes.io/docs/concepts/storage/volume-attributes-classes} (дата обращения: 04.12.2024)"
}


@misc{csi,
  title="Анонс в официальном блоге Kubernetes про CSI [Электронный ресурс]",
  howpublished="URL: \url{https://kubernetes.io/blog/2019/01/15/container-storage-interface-ga} (дата обращения: 04.12.2024)"
}

@misc{cgroupv2,
  title="Официальная документация по cgroup v2 [Электронный ресурс]",
  howpublished="URL: \url{https://docs.kernel.org/admin-guide/cgroup-v2.html} (дата обращения: 04.12.2024)"
}

@inproceedings{tabatabai2023fbmm,
  title={FBMM: Using the VFS for Extensibility in Kernel Memory Management},
  author={Tabatabai, Bijan and Mansi, Mark and Swift, Michael M},
  booktitle={Proceedings of the 19th Workshop on Hot Topics in Operating Systems},
  pages={181--187},
  year={2023}
}

@misc{resource_management,
  title="Официальная документация по по управлению ресурсами в Kubernetes [Электронный ресурс]",
  howpublished="URL: \url{https://kubernetes.io/docs/concepts/configuration/manage-resources-containers} (дата обращения: 04.12.2024)"
}

@misc{annotations,
  title="Официальная документация по аннотациям в Kubernetes [Электронный ресурс]",
  howpublished="URL: \url{https://kubernetes.io/docs/concepts/overview/working-with-objects/annotations} (дата обращения: 04.12.2024)"
}

@misc{crd,
  title="Официальная документация по Custom Resources в Kubernetes [Электронный ресурс]",
  howpublished="URL: \url{https://kubernetes.io/docs/concepts/extend-kubernetes/api-extension/custom-resources} (дата обращения: 04.12.2024)"
}


@misc{pods,
  title="Официальная документация по Pod в Kubernetes [Электронный ресурс]",
  howpublished="URL: \url{https://kubernetes.io/docs/concepts/workloads/pods} (дата обращения: 04.12.2024)"
}

@misc{rs,
  title="Официальная документация по ReplicaSet в Kubernetes [Электронный ресурс]",
  howpublished="URL: \url{https://kubernetes.io/docs/concepts/workloads/controllers/replicaset} (дата обращения: 04.12.2024)"
}

@misc{deploy,
  title="Официальная документация по Deployment в Kubernetes [Электронный ресурс]",
  howpublished="URL: \url{https://kubernetes.io/docs/concepts/workloads/controllers/deployment} (дата обращения: 04.12.2024)"
}

@misc{sts,
  title="Официальная документация по StatefulSet в Kubernetes [Электронный ресурс]",
  howpublished="URL: \url{https://kubernetes.io/docs/concepts/workloads/controllers/statefulset} (дата обращения: 04.12.2024)"
}

@misc{pv,
  title="Официальная документация по PersistentVolume в Kubernetes [Электронный ресурс]",
  howpublished="URL: \url{https://kubernetes.io/docs/concepts/storage/persistent-volumes} (дата обращения: 04.12.2024)"
}

@article{alelyani2024optimizing,
  title={Optimizing Cloud Performance: A Microservice Scheduling Strategy for Enhanced Fault-Tolerance, Reduced Network Traffic, and Lower Latency},
  author={Alelyani, Abdullah and Datta, Amitava and Hassan, Ghulam Mubashar},
  journal={IEEE Access},
  year={2024},
  publisher={IEEE}
}

@book{donovan2015go,
  title={The Go programming language},
  author={Donovan, Alan AA and Kernighan, Brian W},
  year={2015},
  publisher={Addison-Wesley Professional}
}

@misc{operator,
  title="Официальная документация по паттерну Operator [Электронный ресурс]",
  howpublished="URL: \url{https://kubernetes.io/docs/concepts/extend-kubernetes/operator} (дата обращения: 04.12.2024)"
}


@misc{operator_sdk,
  title="Официальный сайт Operator SDK [Электронный ресурс]",
  howpublished="URL: \url{https://sdk.operatorframework.io/} (дата обращения: 04.12.2024)"
}

@misc{proc,
  title="Официальная документация по файловой системе proc [Электронный ресурс]",
  howpublished="URL: \url{https://docs.kernel.org/filesystems/proc.html} (дата обращения: 04.12.2024)"
}


@misc{cri,
  title="Официальная документация по Container Runtime Interface [Электронный ресурс]",
  howpublished="URL: \url{https://kubernetes.io/docs/concepts/architecture/cri} (дата обращения: 04.12.2024)"
}

@misc{mutesting,
  title="Официальная документация по утилите мутационного тестирования go-mutesting [Электронный ресурс]",
  howpublished="URL: \url{https://github.com/avito-tech/go-mutesting?tab=readme-ov-file#how-do-i-use-go-mutesting} (дата обращения: 04.12.2024)"
}

@misc{cgroups,
  title="Официальная документация по cgroups [Электронный ресурс]",
  howpublished="URL: \url{https://manpages.debian.org/unstable/manpages-ru/cgroups.7.ru.html} (дата обращения: 04.12.2024)"
}

@book{luksa2017kubernetes,
  title={Kubernetes in action},
  author={Luksa, Marko},
  year={2017},
  publisher={Simon and Schuster}
}

@article{кузьминский2012контрольные,
  title={Контрольные группы в Linux},
  author={Кузьминский, Михаил},
  journal={Открытые системы. СУБД},
  number={8},
  pages={14--15},
  year={2012},
  publisher={Общество с ограниченной ответственностью" Издательство" Открытые системы"}
}

@article{chen1994raid,
  title={RAID: High-performance, reliable secondary storage},
  author={Chen, Peter M and Lee, Edward K and Gibson, Garth A and Katz, Randy H and Patterson, David A},
  journal={ACM Computing Surveys (CSUR)},
  volume={26},
  number={2},
  pages={145--185},
  year={1994},
  publisher={ACM New York, NY, USA}
}

@misc{kubernetesresources,
  title="Официальная документация по объектам в Kubernetes [Электронный ресурс]",
  howpublished="URL: \url{https://kubernetes.io/docs/concepts/overview/working-with-objects} (дата обращения: 04.12.2024)"
}

@article{сизов2024организация,
  title={ОРГАНИЗАЦИЯ СЕРВИСНО-ОРИЕНТИРОВАННОЙ АРХИТЕКТУРЫ НА ОСНОВЕ ВИРТУАЛЬНЫХ ТЕХНОЛОГИЙ},
  author={Сизов, АА},
  journal={ВЗАИМОДЕЙСТВИЕ НАУКИ И ОБЩЕСТВА--ПУТЬ К МОДЕРНИЗАЦИИ},
  pages={77},
  year={2024}
}

@misc{phdays,
  title="Доклад <<Как достать шумного соседа: ограничение дискового ввода-вывода в Kubernetes>> на конференции Positive Hack Days 2 [Электронный ресурс]",
  howpublished="URL: \url{https://www.youtube.com/watch?v=GJqzKRZg3a8} (дата обращения: 04.12.2024)"
}

@misc{mac,
  title="Спецификация ноутбука Apple Macbook Pro 14 (2021) [Электронный ресурс]",
  howpublished="URL: \url{https://support.apple.com/en-us/111902} (дата обращения: 04.12.2024)"
}

@misc{kubearch,
  title="Обзор архитектуры Kubernetes [Электронный ресурс]",
  howpublished="URL: \url{https://kubernetes.io/docs/concepts/architecture/} (дата обращения: 04.12.2024)"
}

@misc{etcd,
  title="Официальная документация etcd [Электронный ресурс]",
  howpublished="URL: \url{https://etcd.io/docs/} (дата обращения: 04.12.2024)"
}


@misc{kubelet,
  title="Официальная документация kubelet [Электронный ресурс]",
  howpublished="URL: \url{https://kubernetes.io/docs/reference/command-line-tools-reference/kubelet/} (дата обращения: 04.12.2024)"
}

@misc{schduler,
  title="Официальная документация kube-scheduler [Электронный ресурс]",
  howpublished="URL: \url{https://kubernetes.io/docs/reference/command-line-tools-reference/kube-scheduler/} (дата обращения: 04.12.2024)"
}

@misc{taints,
  title="Официальная документация по механизмам taints и tolerations [Электронный ресурс]",
  howpublished="URL: \url{https://kubernetes.io/docs/concepts/scheduling-eviction/taint-and-toleration/} (дата обращения: 04.12.2024)"
}

@article{wen2023k8ssim,
  title={K8sSim: A Simulation Tool for Kubernetes Schedulers and Its Applications in Scheduling Algorithm Optimization},
  author={Wen, Shilin and Han, Rui and Qiu, Ke and Ma, Xiaoxin and Li, Zeqing and Deng, Hongjie and Liu, Chi Harold},
  journal={Micromachines},
  volume={14},
  number={3},
  pages={651},
  year={2023},
  publisher={MDPI}
}

@article{liu2010performance,
  title={Performance analysis of data scheduling algorithms for multi-item requests in multi-channel broadcast environments},
  author={Liu, Kai and Lee, Victor CS},
  journal={International journal of communication systems},
  volume={23},
  number={4},
  pages={529--542},
  year={2010},
  publisher={Wiley Online Library}
}

@inproceedings{beltre2019kubesphere,
  title={Kubesphere: An approach to multi-tenant fair scheduling for kubernetes clusters},
  author={Beltre, Angel and Saha, Pankaj and Govindaraju, Madhusudhan},
  booktitle={2019 IEEE cloud summit},
  pages={14--20},
  year={2019},
  organization={IEEE}
}

@book{гладков2022генетические,
  title={Генетические алгоритмы},
  author={Гладков, Леонид and Курейчик, Владимир and Курейчик, Виктор},
  year={2022},
  publisher={Litres}
}

@misc{large,
  title="Официальная документация по обслуживанию больших кластеров Kubernetes [Электронный ресурс]",
  howpublished="URL: \url{https://kubernetes.io/docs/setup/best-practices/cluster-large/} (дата обращения: 04.12.2024)"
}

@misc{digitalocean,
  title="Официальная документация по ограничениям Kubernetes от DigitalOcean [Электронный ресурс]",
  howpublished="URL: \url{https://docs.digitalocean.com/products/kubernetes/details/limits/} (дата обращения: 04.12.2024)"
}

@article{elman1993learning,
  title={Learning and development in neural networks: The importance of starting small},
  author={Elman, Jeffrey L},
  journal={Cognition},
  volume={48},
  number={1},
  pages={71--99},
  year={1993},
  publisher={Elsevier}
}

@article{sun2018testing,
  title={Testing deep neural networks},
  author={Sun, Youcheng and Huang, Xiaowei and Kroening, Daniel and Sharp, James and Hill, Matthew and Ashmore, Rob},
  journal={arXiv preprint arXiv:1803.04792},
  year={2018}
}

@article{ongaro2015raft,
  title={The raft consensus algorithm},
  author={Ongaro, Diego and Ousterhout, John},
  journal={Lecture Notes CS},
  volume={190},
  pages={2022},
  year={2015}
}

@misc{gostms,
  title="ГОСТ Р 70860~---~2023 «Информационные технологии. Облачные вычисления. Общие технологии и методы»"
}





