@misc{intranet_avito,
  title="Тортилья на вынос, виртуальный тур по офису и отпуск за пять секунд: что умеет портал для сотрудников Авито? [Электронный ресурс]",
  howpublished="Режим доступа: \url{https://vc.ru/avito/169490-tortilya-na-vynos-virtualnyy-tur-po-ofisu-i-otpusk-za-pyat-sekund-chto-umeet-portal-dlya-sotrudnikov-avito} (дата обращения: 27.02.2023)"
}

@misc{rivelty,
  title="Best Intranet Russia-2019: победители и тренды [Электронный ресурс]",
  howpublished="Режим доступа: \url{https://abazhur.rivelty.ru/best-intranet-russia-2019} (дата обращения: 27.02.2023)"
}

@misc{intranet_vk,
  title="Что происходит в закрытой социальной сети сотрудников Mail.Ru Group [Электронный ресурс]",
  howpublished="Режим доступа: \url{https://vc.ru/insidevk/54334-intranet-mrg} (дата обращения: 02.03.2023)"
}

@misc{bitrix24,
  title="Битрикс24 [Электронный ресурс]",
  howpublished="Режим доступа: \url{https://www.bitrix24.ru} (дата обращения: 02.03.2023)"
}

@article{глухих2005глухих,
  title={Корпоративная информационная система университета на базе интернет/интранет-портала},
  author={Глухих, ИН},
  journal={Университетское управление: практика и анализ},
  number={5},
  pages={68--76},
  year={2005},
  publisher={Некоммерческое партнерство {\guillemotleft}Журнал {\guillemotleft}Университетское управление: практика и~…}
}

@article{klee2000importance,
  title={The importance of having a non-disclosure agreement},
  author={Klee, Maurice M},
  journal={IEEE engineering in medicine and biology magazine},
  volume={19},
  number={3},
  pages={120},
  year={2000},
  publisher={IEEE}
}

@article{ткаченко2016обзор,
  title={Обзор классов нереляционных баз данных},
  author={Ткаченко, Анастасия Владимировна and Васильчикова, Алина Вадимовна and Гришунов, Степан Сергеевич},
  journal={Электронный журнал: наука, техника и образование},
  number={4},
  pages={81--85},
  year={2016},
  publisher={Общество с ограниченной ответственностью Манускрипт}
}

@article{бородин2016задаче,
  title={К задаче составления запросов к базам данных на естественном языке},
  author={Бородин, ДС and Строганов, ЮВ},
  journal={Новые информационные технологии в автоматизированных системах},
  number={19},
  pages={119--126},
  year={2016},
  publisher={Федеральное государственное автономное образовательное учреждение высшего~…}
}

@article{дадян2016методы,
  title={Методы, модели, средства хранения и обработки данных},
  author={Дадян, Эдуард Григорьевич and Зеленков, Юрий Александрович},
  year={2016},
  publisher={ООО" Издательский Дом" Вузовский учебник"}
}

@article{корягин2020модели,
  title={МОДЕЛИ БАЗ ДАННЫХ},
  author={Корягин, ДА},
  journal={Аллея науки},
  volume={1},
  number={5},
  pages={985--988},
  year={2020},
  publisher={ИП Шелистов Денис Александрович (Издательский центр" Quantum")}
}

@article{жалолов2020понятие,
  title={Понятие SQL и реляционной базы данных},
  author={Жалолов, Озод Исомиддинович and Хаятов, Хуршид Усманович},
  journal={Universum: технические науки},
  number={6-1 (75)},
  pages={26--29},
  year={2020},
  publisher={Общество с ограниченной ответственностью {\guillemotleft}Международный центр науки и~…}
}

@book{кириллов2012введение,
  title={Введение в реляционные базы данных},
  author={Кириллов, Владимир Васильевич},
  year={2012},
  publisher={БХВ-Петербург}
}

@misc{golang,
  title="Язык программирования Go [Электронный ресурс]",
  howpublished="Режим доступа: \url{https://go.dev} (дата обращения: 15.03.2023)"
}

@misc{vuejs,
  title="Vue.js~---~Прогрессивный JavaScript-фреймворк [Электронный ресурс]",
  howpublished="Режим доступа: \url{https://ru.vuejs.org} (дата обращения: 10.04.2023)"
}

@misc{openapi,
  title="Спецификация OpenAPI~---~официальный сайт [Электронный ресурс]",
  howpublished="Режим доступа: \url{https://swagger.io/specification} (дата обращения: 03.04.2023)"
}

@misc{postgresql,
  title="PostgreSQL~---~официальный сайт [Электронный ресурс]",
  howpublished="Режим доступа: \url{https://www.postgresql.org} (дата обращения: 01.04.2023)"
}

@misc{macbook,
  title="MacBook Air with M2 chip~---~технические характеристики [Электронный ресурс]",
  howpublished="Режим доступа: \url{https://www.apple.com/macbook-air-13-and-15-m2} (дата обращения: 27.04.2023)"
}

@misc{redis,
  title="Redis~---~официальный сайт [Электронный ресурс]",
  howpublished="Режим доступа: \url{https://redis.io} (дата обращения: 01.04.2023)"
}

@misc{cbor,
  title="CBOR~---~официальный сайт [Электронный ресурс]",
  howpublished="Режим доступа: \url{https://cbor.io} (дата обращения: 27.04.2023)"
}

@misc{json,
  title="JSON~---~официальный сайт [Электронный ресурс]",
  howpublished="Режим доступа: \url{https://json.io} (дата обращения: 27.04.2023)"
}

@misc{gzip,
  title="GNU Gzip~---~официальный сайт [Электронный ресурс]",
  howpublished="Режим доступа: \url{https://www.gnu.org/software/gzip/manual/gzip.html} (дата обращения: 27.04.2023)"
}

@article{швецов2009базы,
  title={Базы данных},
  author={Швецов, Владимир Иванович},
  year={2016},
  publisher={Интернет-Университет Информационных Технологий (ИНТУИТ)}
}

@inproceedings{погодин2018сериализация,
  title={Сериализация структур данных для хранения и передачи в информационных системах. Методы и средства},
  author={Погодин, ГВ and Фиго, ДМ and Васильев, ЭН},
  booktitle={Молодежь в науке: сборник докладов XVI научно-технической конференции. Саров: ФГУП {\guillemotleft}РФЯЦ-ВНИИЭФ},
  volume={2},
  pages={231--236},
  year={2018}
}

@misc{gzip_doc,
  title="Документация по пакету gzip [Электронный ресурс]",
  howpublished="Режим доступа: \url{https://pkg.go.dev/compress/gzip} (дата обращения: 27.04.2023)"
}

@misc{json_doc,
  title="Документация по пакету json [Электронный ресурс]",
  howpublished="Режим доступа: \url{https://pkg.go.dev/encoding/json} (дата обращения: 27.04.2023)"
}

@misc{cbor_doc,
  title="Документация по пакету cbor [Электронный ресурс]",
  howpublished="Режим доступа: \url{https://pkg.go.dev/github.com/fxamacker/cbor/v2} (дата обращения: 27.04.2023)"
}

@article{хомоненко2000базы,
  title={Базы данных},
  author={Хомоненко, АД and Цыганков, ВМ and Мальцев, МГ},
  journal={СПб.: КОРОНА принт},
  volume={125},
  year={2000}
}






