@article{bib:1,
  title={Проектирование микросервисной архитектуры программного обеспечения},
  author={Шитько, Андрей Михайлович},
  journal={Труды БГТУ. Серия 3: Физико-математические науки и информатика},
  number={9 (200)},
  pages={122--125},
  year={2017},
  publisher={УО {\guillemotleft}Белорусский государственный технологический университет{\guillemotright}}
}

@inproceedings{bib:2,
  title={Сравнительный анализ методов достижения exactly once семантики в распределённом брокере сообщений Apache Kafka},
  author={Кондратьев, Станислав Вячеславович and Хайрисламов, Данил Айдарович},
  booktitle={Материалы конференций ГНИИ {\guillemotleft}НАЦРАЗВИТИЕ{\guillemotright}},
  pages={37--39},
  year={2021}
}


@inproceedings{bib:3,
  title={Финансовые технологии-блокчейн},
  author={Байгулов, РМ and Сковиков, АГ},
  booktitle={Экономика и управление народным хозяйством: генезис, современное состояние и перспективы развития},
  pages={152--159},
  year={2017}
}

@online{bib:4,
  title = {Exactly-Once Semantics Are Possible: Here’s How Kafka Does It},
  year = 2017,
  url = {https://www.confluent.io/blog/exactly-once-semantics-are-possible-heres-how-apache-kafka-does-it/},
  urldate = {01.11.2022}
}

@article{bib:5,
  title={Эндоморфизмы полумодулей над полукольцами с идемпотентной операцией},
  author={Дудников, Петр Иосифович and Самборский, Сергей Николаевич},
  journal={Известия Российской академии наук. Серия математическая},
  volume={55},
  number={1},
  pages={93--109},
  year={1991},
  publisher={Российская академия наук, Математический институт им. ВА Стеклова Российской~…}
}

@online{bib:6,
  title = {Exactly Once Delivery and Transactional Messaging in Kafka
. The definitive design.},
  year = 2017,
  url = {https://clck.ru/33RcFX},
  urldate = {03.11.2022}
}

@online{bib:7,
  title = {Idempotent Producer},
  year = 2014,
  url = {https://clck.ru/33RcF2},
  urldate = {03.11.2022}
}

@book{bib:8,
  title={Kafka: the definitive guide: real-time data and stream processing at scale},
  author={Narkhede, Neha and Shapira, Gwen and Palino, Todd},
  year={2017},
  publisher={" O'Reilly Media, Inc."}
}


@online{bib:9,
  title = {RabbitMQ documentation},
  year = 2022,
  url = {https://www.rabbitmq.com/documentation.html},
  urldate = {04.11.2022}
}

@online{bib:10,
  title = {Kafka documentation},
  year = 2022,
  url = {https://kafka.apache.org/documentation/},
  urldate = {08.11.2022}
}

@online{bib:11,
  title = {Redis official documentation},
  year = 2022,
  url = {https://redis.io/docs/},
  urldate = {10.11.2022}
}

@article{bib:12,
  title={HDMQ: Towards In-Order and Exactly-Once Delivery using Hierarchical Distributed Message Queues},
  author={Patel, Dharmit and Khasib, Faraj and Srivastava, Shiva and Sadooghi, Iman and Raicu, Ioan},
  journal={Illinois Institute of Technology, Department of Computer Science, Technical Report},
  year={2013}
}

@online{bib:13,
  title = {JetStream NATS Docs},
  year = 2022,
  url = {https://clck.ru/33RcEP},
  urldate = {15.11.2022}
}

@online{bib:14,
  title = {Kafka Connect},
  year = 2022,
  url = {https://clck.ru/33RcDv},
  urldate = {16.11.2022}
}

@inproceedings{shegalov2002eos,
  title={EOS: Exactly-Once E-Service Middleware},
  author={Shegalov, German and Weikum, Gerhard and Barga, Roger and Lomet, David},
  booktitle={VLDB'02: Proceedings of the 28th International Conference on Very Large Databases},
  pages={1043--1046},
  year={2002},
  organization={Elsevier}
}

}